<?xml version="1.0" encoding="UTF-8"?>
<OAI-PMH xmlns="http://www.openarchives.org/OAI/2.0/" xmlns:xsi="http://www.w3.org/2001/XMLSchema-instance" xsi:schemaLocation="http://www.openarchives.org/OAI/2.0/ http://www.openarchives.org/OAI/2.0/OAI-PMH.xsd">
  <ListRecords>
    <record>
      <header>
        <identifier>aleph-publish:001483051</identifier>
      </header>
      <metadata>
        <record xmlns="http://www.ddb.de/professionell/mabxml/mabxml-1.xsd">
          <leader>00530vM2.01200024------h</leader>
          <controlfield tag="LDR">00530vM2.01200024------h</controlfield>
          <controlfield tag="FMT">MH</controlfield>
          <datafield tag="001" ind1="-" ind2="1">
            <subfield code="a">HT003864492</subfield>
          </datafield>
          <datafield tag="002" ind1="a" ind2="1">
            <subfield code="a">19990510</subfield>
          </datafield>
          <datafield tag="025" ind1="o" ind2="1">
            <subfield code="a">1067416031</subfield>
          </datafield>
          <controlfield tag="030">a|1uc||||||17</controlfield>
          <datafield tag="036" ind1="a" ind2="1">
            <subfield code="a">US</subfield>
          </datafield>
          <datafield tag="037" ind1="b" ind2="1">
            <subfield code="a">eng</subfield>
          </datafield>
          <controlfield tag="050">a|||||||||||||</controlfield>
          <controlfield tag="051">mh||||||</controlfield>
          <datafield tag="064" ind1="a" ind2="1">
            <subfield code="a">Biografie</subfield>
            <subfield code="9">(DE-588)4006804-3</subfield>
          </datafield>
          <datafield tag="064" ind1="a" ind2="1">
            <subfield code="a">Bildband</subfield>
            <subfield code="9">(DE-588)4145395-5</subfield>
          </datafield>
          <datafield tag="070" ind1="-" ind2="1">
            <subfield code="a">465</subfield>
          </datafield>
          <datafield tag="080" ind1="-" ind2="1">
            <subfield code="a">60</subfield>
          </datafield>
          <datafield tag="100" ind1="-" ind2="1">
            <subfield code="p">Huff, Theodore</subfield>
          </datafield>
          <datafield tag="331" ind1="-" ind2="1">
            <subfield code="a">Charlie Chaplin</subfield>
          </datafield>
          <datafield tag="359" ind1="-" ind2="1">
            <subfield code="a">Theodore Huff</subfield>
          </datafield>
          <datafield tag="403" ind1="-" ind2="1">
            <subfield code="a">Reprint ed. [d. Ausg.] New York, Schuman, 1951</subfield>
          </datafield>
          <datafield tag="410" ind1="-" ind2="1">
            <subfield code="a">New York</subfield>
          </datafield>
          <datafield tag="412" ind1="-" ind2="1">
            <subfield code="a">Arno Press [u.a.]</subfield>
          </datafield>
          <datafield tag="425" ind1="a" ind2="1">
            <subfield code="a">1972</subfield>
          </datafield>
          <datafield tag="433" ind1="-" ind2="1">
            <subfield code="a">354 S. : Ill.</subfield>
          </datafield>
          <datafield tag="540" ind1="a" ind2="1">
            <subfield code="a">0-405-03920-4</subfield>
          </datafield>
          <datafield tag="902" ind1="-" ind2="1">
            <subfield code="p">Chaplin, Charlie</subfield>
            <subfield code="d">1889-1977</subfield>
            <subfield code="9">(DE-588)118520113</subfield>
          </datafield>
          <datafield tag="907" ind1="-" ind2="1">
            <subfield code="p">Chaplin, Charlie</subfield>
            <subfield code="d">1889-1977</subfield>
            <subfield code="9">(DE-588)118520113</subfield>
          </datafield>
          <controlfield tag="SYS">001483051</controlfield>
          <datafield tag="LOW" ind1="-" ind2="1">
            <subfield code="a">Q1133</subfield>
          </datafield>
          <datafield tag="952" ind1="-" ind2="1">
            <subfield code="p">Chaplin, Charles S.</subfield>
            <subfield code="d">1889-1977</subfield>
          </datafield>
          <datafield tag="952" ind1="-" ind2="1">
            <subfield code="p">Spencer Chaplin, Charles</subfield>
            <subfield code="d">1889-1977</subfield>
          </datafield>
          <datafield tag="952" ind1="-" ind2="1">
            <subfield code="p">Chaplin, Charly</subfield>
            <subfield code="d">1889-1977</subfield>
          </datafield>
          <datafield tag="952" ind1="-" ind2="1">
            <subfield code="p">Zhuobielin</subfield>
            <subfield code="d">1889-1977</subfield>
          </datafield>
          <datafield tag="952" ind1="-" ind2="1">
            <subfield code="p">Tsaplin, Tsarl Spenser</subfield>
            <subfield code="d">1889-1977</subfield>
          </datafield>
          <datafield tag="952" ind1="-" ind2="1">
            <subfield code="p">Sarlō</subfield>
            <subfield code="d">1889-1977</subfield>
          </datafield>
          <datafield tag="952" ind1="-" ind2="1">
            <subfield code="p">Charlot</subfield>
            <subfield code="d">1889-1977</subfield>
          </datafield>
          <datafield tag="952" ind1="-" ind2="1">
            <subfield code="p">Sa-plin, Sác-li</subfield>
            <subfield code="d">1889-1977</subfield>
          </datafield>
          <datafield tag="952" ind1="-" ind2="1">
            <subfield code="p">Sac-lô</subfield>
            <subfield code="d">1889-1977</subfield>
          </datafield>
          <datafield tag="952" ind1="-" ind2="1">
            <subfield code="p">Cāplin, Cārlī</subfield>
            <subfield code="d">1889-1977</subfield>
          </datafield>
          <datafield tag="952" ind1="-" ind2="1">
            <subfield code="p">Čaplin, Č'arlz</subfield>
            <subfield code="d">1889-1977</subfield>
          </datafield>
          <datafield tag="952" ind1="-" ind2="1">
            <subfield code="p">Chaplin, Charles Spencer</subfield>
            <subfield code="d">1889-1977</subfield>
          </datafield>
          <datafield tag="952" ind1="-" ind2="1">
            <subfield code="p">Chaplin, Charles</subfield>
            <subfield code="d">1889-1977</subfield>
          </datafield>
          <datafield tag="952" ind1="-" ind2="1">
            <subfield code="p">Čaplin, Čarl'z Spenser</subfield>
            <subfield code="d">1889-1977</subfield>
          </datafield>
          <datafield tag="952" ind1="-" ind2="1">
            <subfield code="p">Spencer-Chaplin, Charles</subfield>
            <subfield code="d">1889-1977</subfield>
          </datafield>
          <datafield tag="952" ind1="-" ind2="1">
            <subfield code="U">Cyrl</subfield>
            <subfield code="p">Чаплин, Чарльз</subfield>
            <subfield code="d">1889-1977</subfield>
          </datafield>
          <datafield tag="957" ind1="-" ind2="1">
            <subfield code="p">Chaplin, Charles S.</subfield>
            <subfield code="d">1889-1977</subfield>
          </datafield>
          <datafield tag="957" ind1="-" ind2="1">
            <subfield code="p">Spencer Chaplin, Charles</subfield>
            <subfield code="d">1889-1977</subfield>
          </datafield>
          <datafield tag="957" ind1="-" ind2="1">
            <subfield code="p">Chaplin, Charly</subfield>
            <subfield code="d">1889-1977</subfield>
          </datafield>
          <datafield tag="957" ind1="-" ind2="1">
            <subfield code="p">Zhuobielin</subfield>
            <subfield code="d">1889-1977</subfield>
          </datafield>
          <datafield tag="957" ind1="-" ind2="1">
            <subfield code="p">Tsaplin, Tsarl Spenser</subfield>
            <subfield code="d">1889-1977</subfield>
          </datafield>
          <datafield tag="957" ind1="-" ind2="1">
            <subfield code="p">Sarlō</subfield>
            <subfield code="d">1889-1977</subfield>
          </datafield>
          <datafield tag="957" ind1="-" ind2="1">
            <subfield code="p">Charlot</subfield>
            <subfield code="d">1889-1977</subfield>
          </datafield>
          <datafield tag="957" ind1="-" ind2="1">
            <subfield code="p">Sa-plin, Sác-li</subfield>
            <subfield code="d">1889-1977</subfield>
          </datafield>
          <datafield tag="957" ind1="-" ind2="1">
            <subfield code="p">Sac-lô</subfield>
            <subfield code="d">1889-1977</subfield>
          </datafield>
          <datafield tag="957" ind1="-" ind2="1">
            <subfield code="p">Cāplin, Cārlī</subfield>
            <subfield code="d">1889-1977</subfield>
          </datafield>
          <datafield tag="957" ind1="-" ind2="1">
            <subfield code="p">Čaplin, Č'arlz</subfield>
            <subfield code="d">1889-1977</subfield>
          </datafield>
          <datafield tag="957" ind1="-" ind2="1">
            <subfield code="p">Chaplin, Charles Spencer</subfield>
            <subfield code="d">1889-1977</subfield>
          </datafield>
          <datafield tag="957" ind1="-" ind2="1">
            <subfield code="p">Chaplin, Charles</subfield>
            <subfield code="d">1889-1977</subfield>
          </datafield>
          <datafield tag="957" ind1="-" ind2="1">
            <subfield code="p">Čaplin, Čarl'z Spenser</subfield>
            <subfield code="d">1889-1977</subfield>
          </datafield>
          <datafield tag="957" ind1="-" ind2="1">
            <subfield code="p">Spencer-Chaplin, Charles</subfield>
            <subfield code="d">1889-1977</subfield>
          </datafield>
          <datafield tag="957" ind1="-" ind2="1">
            <subfield code="U">Cyrl</subfield>
            <subfield code="p">Чаплин, Чарльз</subfield>
            <subfield code="d">1889-1977</subfield>
          </datafield>
          <datafield tag="088" ind1=" " ind2=" ">
            <subfield code="a">5/58</subfield>
            <subfield code="b">00042000</subfield>
            <subfield code="c">AP 51081 H889</subfield>
            <subfield code="e">keine ILL</subfield>
          </datafield>
          <datafield tag="088" ind1=" " ind2=" ">
            <subfield code="a">465</subfield>
            <subfield code="b">E11</subfield>
            <subfield code="c">KNLC1469</subfield>
            <subfield code="e">Ausleihbestand</subfield>
          </datafield>
          <datafield tag="088" ind1=" " ind2=" ">
            <subfield code="a">385</subfield>
            <subfield code="b">21</subfield>
            <subfield code="c">MOC.C464/me2295</subfield>
            <subfield code="e">Normalausleihe</subfield>
          </datafield>
          <datafield tag="700" ind1=" " ind2="9">
            <subfield code="a">21=MOC</subfield>
            <subfield code="2">T0011</subfield>
          </datafield>
        </record>
      </metadata>
    </record>
  </ListRecords>
</OAI-PMH>
